@InBook{Alvarez13,
  author = 	 {Alvarez~Rodr\'{i}guez,Jose~Mar\'{i}a and Clement, Jules and Labra~Gayo, Jose~Emilio and Farhan, Hania and Ordo\~{n}ez, Patricia},
  title = 	 {Cases on Open-Linked Data and Semantic Web Applications},
  chapter = 	 {Publishing Statistical Data following the Linked Open Data Principles: The Web Index Project.},
  publisher = 	 {IGI Global},
  year = 	 {2013},
  pages = 	 {199-226},
  note = 	 {doi:10.4018/978-1-4666-2827-4.ch011},
},
@misc{Cube,
	title = {The {RDF} Data Cube Vocabulary},
	url = {\url{http://www.w3.org/TR/vocab-data-cube/}},
	editor = {Richard Cyganiak and Dave Reynolds},
	year = {2013},
	howpublished = {{http://www.w3.org/TR/vocab-data-cube/}},
	note = {W3c Candidate Recommendation}
},
@misc{EARL,
	title = {Evaluation and Report Language {EARL} 1.0 Schema},
	url = {\url{http://www.w3.org/TR/EARL10-Schema/}},
	editor = {Shadi Abou-Zahra},
	year = {2011},
	howpublished = {{http://www.w3.org/TR/EARL10-Schema/}},
	note = {W3C Working Draft}
},
@misc{RDF04,
	title = {{RDF} - Semantic Web Standards},
	url = {http://www.w3.org/RDF/},
	author = {{RDF} Working Group, {W3C}},
	year = {2004},
	howpublished = {{http://www.w3.org/RDF/}},
},
@misc{SPARQL10,
	title = {{SPARQL} Query Language for {RDF}},
	url = {http://www.w3.org/TR/rdf-sparql-query/},
	author = {Eric Prud'hommeaux and Andy Seaborne},
	year = {2008},
	howpublished = {{http://www.w3.org/TR/rdf-sparql-query/}},
},
@misc{SPARQL11,
	title = {{SPARQL} 1.1 Query Language},
	url = {\url{http://www.w3.org/TR/sparql11-query/}},
	author = {Steve Harris and Andy Seaborne},
	year = {2013},
	howpublished = {{http://www.w3.org/TR/sparql11-query/}},
},
