@article{AlvarezRodriguez2013,
title = {"Empowering the access to public procurement opportunities by means of linking controlled vocabularies. A case study of Product Scheme Classifications in the European e-Procurement sector "},
journal = "Computers in Human Behavior ",
volume = "",
number = "0",
pages = " - ",
year = "2013",
note = "",
issn = "0747-5632",
doi = "http://dx.doi.org/10.1016/j.chb.2013.07.046",
url = "http://www.sciencedirect.com/science/article/pii/S0747563213002859",
author = "Jose María Alvarez-Rodríguez and José Emilio Labra-Gayo and Alejandro Rodríguez-González and Patricia Ordoñez De Pablos",
}

@inbook{webindexlod, 
	title={{Publishing Statistical Data following the Linked Open Data Principles: The Web Index Project}}, 
	url={http://www.igi-global.com/chapter/publishing-statistical-data-following-linked/77207/}, 
	publisher={IGI Global}, 
	author={Rodr\'{i}guez, Jose Mar\'{i}a Alvarez and Clement, Jules and Gayo, Jos\'{e} Emilio Labra and Farhan, Hania and Ordoñez De Pablos, Patricia},
	booktitle = {Cases on Open-Linked Data and Semantic Web Applications},
	year      = {2013},
	pages     = {199--226}
}
